%% This BibTeX bibliography file was created using BibDesk.
%% http://www.cs.ucsd.edu/~mmccrack/bibdesk.html
%% Created for Jon Breitenbucher at 2005-09-15 16:48:40 -0400 
%% Saved with string encoding UTF-8 

@article{ophs03,
	Annote = {This is a very good introduction to \LaTeX},
	Author = {Tobias Oetiker and Hurbert Partl and Irene Hyna and Elisabeth Schlegl},
	Title = {The {N}ot {S}o {S}hort {I}ntroduction to {\LaTeX2e{}}},
	Url = {http://www.ctan.org/tex-archive/info/lshort/english/lshort.pdf},
	Year = 2003}

@article{feu02,
	Author = {Thomas Feuerstack},
	Journal = {TUGboat},
	Number = {3/4},
	Pages = {329--334},
	Title = {Introduction to pdf{\TeX{}}},
	Url = {http://www.tug.org/TUGboat/Articles/tb23-3-4/tb75feu.pdf},
	Volume = {23},
	Year = 2002}

@article{fly03,
	Author = {Peter Flynn},
	Journal = {TUGboat},
	Number = {2},
	Pages = {115--237},
	Title = {Formatting {I}nformation},
	Url = {http://www.tug.org/tex-archive/info/beginlatex/beginlatex.letter.pdf},
	Volume = {23},
	Year = 2003}

@book{gra96,
	Author = {George Gr\"atzer},
	Location = {Boston},
	Publisher = {Birkh\"auser},
	Title = {Math into \LaTeX},
	Url = {http://www.tug.org/tex-archive/info/mil/mil.pdf},
	Year = 1996}

@book{kd03,
	Address = {New York},
	Author = {Helmut Kopka and Patrick W. Daly},
	Edition = {4th},
	Publisher = {Pearson Education},
	Title = {Guide to \LaTeX},
	Year = 2003}

@book{mgbcr04,
	Address = {New York},
	Author = {Frank Mittelbach and Michel Goossens and Johannes Braams and David Carlisle and Chris Rowley},
	Edition = {2nd},
	Publisher = {Addison Wesley Professional},
	Title = {The \LaTeX\ Companion},
	Year = 2004}

@misc{brei04,
	Author = {Jon Breitenbucher},
	Date-Modified = {2021-09-15 15:40:08 -0400},
	Howpublished = {World Wide Web},
	Note = {Accessed on 09/27/2021},
	Title = {{W}ooster related {L}a{T}e{X} files},
	Url = {http://woolatex.spaces.wooster.edu},
	Year = 2021}

@misc{kon04,
	Author = {Stasinos Konstantopoulos},
	Howpublished = {World Wide Web},
	Note = {Accessed on 03/11/2004},
	Title = {BibTeX Entries},
	Url = {http://odur.let.rug.nl/~konstant/Ac/publications.html},
	Year = 2004}

@techreport{GAR86,
	Author = {J. Garcia},
	Institution = {U.S. Patent and Trademark Office},
	Optaddress = {Washington D.C.},
	Optkey = {Patent Number 4,621,334},
	Title = {Personal Identification Apparatus},
	Year = {1986}}

@book{SIN99,
	Address = {New York},
	Author = {Simon Singh},
	Publisher = {Anchor Books},
	Title = {The Code Book},
	Year = 1999}

@book{TRA02,
	Address = {Upper Saddle River, NJ},
	Author = {Wade Trappe and Lawrence  C. Washington},
	Publisher = {Prentice Hall},
	Title = {Introduction to Cryptography with Coding Theory},
	Year = 2002}
@book{SIM96,
	Author = {Fred Simmonds},
	Publisher = {McGraw-Hill},
	Title = {Network Security: Data and Voice Communications},
	Year = 1996}

#my sources
@article{choo14,
	Author = {H.J. Choo and S.Y. Sim and H.K. Lee and H.B. Kim},
	Journal = {International Journal of Consumer Studies},
	Number = {2},
	Pages = {175--182},
	Title = {The Utilization of Fashion Wardrobe},
	Url = {https://doi.org/10.1111/ijcs.12078},
	Volume = {38},
	Year = 2014}

@inproceedings{nie2013between,
  title={Between Fashion and Technology: Investigating Mobile Fashion Applications},
  author={Nie, Yao and Fortunati, Leopoldina and others},
  booktitle={CIRN Prato Community IT Conference},
  volume={2013},
  number={28-30},
  pages={1--20},
  year={2013}
}
@inproceedings{bai2016cloud,
  Author = {Yongshu Bai and Xin Zhang and Yifan Zhang},
  Title = {Improving Cloud Storage Usage Experience for Mobile Applications},
  Booktitle = {Proceedings of the 7th ACM SIGOPS Asia-Pacific Workshop on Systems},
  Series = {APSys '16},
  Publisher = {Association for Computing Machinery},
  Address = {New York, NY, USA},
  Year = {2016},
  Pages = {6:1--6:8},
  DOI = {10.1145/2967360.2967378},
  Url = {https://doi.org/10.1145/2967360.2967378}
}


@book{reactnative,
    title     = {React Native: Build native mobile apps with JavaScript},
    publisher = {O'Reilly Media},
    url       = {https://learning.oreilly.com/course/react-native/9781789139747/},
    note      = {Accessed: 2024-11-07}
}

@book{nodeessentials,
    title     = {Node.js Essentials},
    publisher = {O'Reilly Media},
    url       = {https://learning.oreilly.com/course/node-js-essentials/9780136903888/},
    note      = {Accessed: 2024-11-07}
}

@book{nodecompleteguide,
    title     = {Node.js: The Complete Guide},
    publisher = {O'Reilly Media},
    url       = {https://learning.oreilly.com/course/node-js-the/9781838826864/},
    note      = {Accessed: 2024-11-07}
}

@book{gitversioncontrol,
    title     = {Version Control with Git: Powerful tools and techniques for collaborative development},
    publisher = {O'Reilly Media},
    url       = {https://learning.oreilly.com/library/view/version-control-with/9781492091189/ch01.html#sec-Git-Characteristics},
    note      = {Accessed: 2024-11-07}
}

@book{reactfirebase,
    title     = {Beginning React and Firebase: Building Web Applications},
    publisher = {O'Reilly Media},
    url       = {https://learning.oreilly.com/library/view/beginning-react-and/9781484278123/html/512002_1_En_4_Chapter.xhtml},
    note      = {Accessed: 2024-11-07}
}

@book{firebasecookbook,
    title     = {Firebase Cookbook},
    publisher = {O'Reilly Media},
    url       = {https://learning.oreilly.com/library/view/firebase-cookbook/9781788296335/e43606f6-54c5-4813-bcd7-33195f9c6ad5.xhtml},
    note      = {Accessed: 2024-11-07}
}

@book{modulardesign,
    title     = {Modular Design Frameworks},
    publisher = {O'Reilly Media},
    url       = {https://learning.oreilly.com/library/view/modular-design-frameworks/9781484216880/A370976_1_En_5_Chapter.html},
    note      = {Accessed: 2024-11-07}
}
@online{firebase_intro,
    Annote = {This article provides an introduction to Firebase, its features, and how to use it.},
    Author = {GeeksforGeeks},
    Title = {Firebase Introduction},
    Url = {https://www.geeksforgeeks.org/firebase-introduction/},
    Year = {2023}
}

@online{client_server_arch,
    Annote = {This blog explains the fundamentals of client-server architecture and its components.},
    Author = {RedSwitches},
    Title = {Client-Server Architecture: Everything You Need to Know},
    Url = {https://www.redswitches.com/blog/client-server-architecture/},
    Year = {2023}
}

@online{react_native_arch,
    Annote = {An in-depth guide to the new React Native architecture as of 2023.},
    Author = {Stackademic Blog},
    Title = {Learn Everything About the New React Native Architecture in 2023},
    Url = {https://blog.stackademic.com/learn-everything-about-the-new-react-native-architecture-in-2023-5c9376245a29},
    Year = {2023}
}
@online{fits2024,
  author = {Fits App},
  title = {Top 8 Closet \& Outfit Planner Apps Reviewed},
  year = {2024},
  url = {https://www.fits-app.com/posts/top-8-closet-outfit-planning-apps-reviewed},
  note = {Accessed: 2025-02-27}
}
@article{trivedi2018fashion,
  author = {Trivedi, Jay P. and Trivedi, Hemant},
  title = {Investigating the Factors That Make a Fashion App Successful: The Moderating Role of Personalization},
  journal = {Journal of Internet Commerce},
  volume = {17},
  number = {2},
  pages = {170--187},
  year = {2018}
}
